month,total_sales
2023-01,161420
2023-02,176833
2023-03,299491
2023-04,498673
2023-05,376733
2023-06,396737
2023-07,265302
2023-08,378190
2023-09,568929
2023-10,95407
2023-11,333025
2023-12,200695
2024-01,378691
2024-02,185775
2024-03,403382
2024-04,347979
2024-05,518581
2024-06,286908
2024-07,463878
2024-08,182128
